Date,Product,Revenue,Expenses,Customers
2024-01-31,Laptop,12000,7000,200
2024-02-29,Phone,8000,4000,150
2024-03-31,Tablet,5000,2500,100
2024-04-30,Laptop,15000,8000,220
2024-05-31,Phone,9000,4500,160
2024-06-30,Tablet,6000,3000,110
2024-07-31,Laptop,14000,7800,210
2024-08-31,Phone,8500,4200,155
2024-09-30,Tablet,5500,2800,105
2024-10-31,Laptop,16000,8200,230
2024-11-30,Phone,9200,4600,165
2024-12-31,Tablet,5800,3100,115
